% Encoding: UTF-8

@Article{bisbee_dont_tell_in_the_readme,
  author =  {Sam Bisbee},
  title =   {Scale it to Billions — What They Don’t Tell you in the Cassandra README},
  journal = {Threat Stack Blog},
  year =    {2015},
  url =     {http://blog.threatstack.com/scaling-cassandra-lessons-learned}
}

@Article{hobbs_basic_rules_modelling,
  author =  {Tyler Hobbs},
  title =   {Basic Rules of Cassandra Data Modeling},
  journal = {DataStax Developer Blog},
  year =    {2015},
  month =   {feb},
  url =     {http://www.datastax.com/dev/blog/basic-rules-of-cassandra-data-modeling}
}

@Misc{Ploetz2015,
  author =  {Aaron Ploetz},
  title =   {We Shall Have Order!},
  month =   {03},
  year =    {2015},
  url =     {http://www.planetcassandra.org/blog/we-shall-have-order/},
  urldate = {2016-03-22}
}

